@Manual{deskstar,
title = "{Hitachi Deskstar 7K1000 Datasheet}",
organization = {Hitachi Global Storage Technologies},
month = {Feburary},
year = {2007},
note = {http://www.hitachigst.com/ portal/ site/ en/ menuitem.f7da5b80da420cb0483bad24eac4f0a0/, Accessed 10 June 2008},
}

@InProceedings{xfs,
author = {Adam Sweeney},
title = "{Scalability in the XFS Filesystem}",
organization = {Silicon Graphics},
booktitle = {USENIX Annual Technical Conference},
month = {January},
year = {1996}
}

@Misc{ext3online,
author = {Jan Kara},
title = "{Ext3 online defrag}",
howpublished = {linux-fsdevel},
month = {October},
year = {2006},
note = {http://lwn.net/ Articles/ 205585/, Accessed 10 June 2008}
}

@Article{autolocality,
author = {Windsor W. Hsu and Alan Jay Smith and Honesty C. Young},
title = "{The Automatic Improvement of Locality in Storage Systems}",
journal = {ACM Transactions on Computer Systems},
month = {November},
year = {2005},
volume = {23},
number = {4}
}

@inproceedings{ext2journal,
author = {Stephen Tweedie},
title = "{Journaling the Linux ext2fs Filesystem}",
booktitle = {LinuxExpo '98},
year = {1998},
note = {http://e2fsprogs.sourceforge.net/ journal-design.pdf, Accessed 10 June 2008}
}

@inproceedings{ext2intro,
author = {R\'emy Card and Theodore Ts'o and Stephen Tweedie},
title = "{Design and Implementation of the Second Extended Filesystem}",
booktitle = {First Dutch International Symposium on Linux},
note = {http://e2fsprogs.sourceforge.net/ ext2intro.html, Accessed 10 June 2008}
}

@Misc{ala,
author = {Martin Veitch},
title = "{Intel intro's app launching accelerator}",
howpublished = {ZDNet},
month = {April},
year = {1997},
note = {http://news.zdnet.co.uk/ itmanagement/ 0,1000000308,2065458,00.htm, Accessed 10 June 2008},
}

@Misc{seektime,
author = {Charles M. Kozierokz},
title = "{Seek Time}",
howpublished = {The PC Guide},
note = {http://www.pcguide.com/ ref/ hdd/ perf/ perf/ spec/ posSeek-c.html, Accessed 10 June 2008}
}

@Misc{latency,
author = {Charles M. Kozierokz},
title = "{Latency}",
howpublished = {The PC Guide},
note = {http://www.pcguide.com/ ref/ hdd/ perf/ perf/ spec/ posLatency-c.html, Accessed 10 June 2008}
}

@Article{fathistory,
author = {Raymond Chen},
title = "{A Brief and Incomplete History of FAT32}",
organization = {Microsoft},
howpublished = {TechNet Magazine},
month = {July},
year = {2006},
}

@Misc{libext2fs,
title = "{libext2fs}",
howpublished = {chrysocome.net},
note = {http://www.chrysocome.net/ libext2fs, Accessed 10 June 2008}
}

@Misc{remapping,
title = "{S.M.A.R.T. Attribute Definitions - Current Pending Sector Count}",
organization = {Ariolic Software},
note = {http://www.ariolic.com/ activesmart/ smart-attributes/ current-pending-sector-count.html, Accessed 10 June 2008}
}